<?xml version="1.0" encoding="UTF-8"?><collection xmlns="http://www.loc.gov/MARC21/slim"><record><leader>00479nam--2200169-i-4500</leader><controlfield tag="001">000043885</controlfield><controlfield tag="002">20161230</controlfield><controlfield tag="005">20161230201044</controlfield><controlfield tag="008">060222s1000------------r-----000-0-eng-d</controlfield><datafield ind1=" " ind2=" " tag="040"><subfield code="a">IFIN-HH</subfield></datafield><datafield ind1=" " ind2=" " tag="080"><subfield code="a">537.222.22</subfield></datafield><datafield ind1="1" ind2=" " tag="100"><subfield code="a">Teichmann, Horst</subfield></datafield><datafield ind1="1" ind2="0" tag="245"><subfield code="a">Semiconductors</subfield><subfield code="b">Translated by l.f. secretan. with a foreword by c.a. hogarth</subfield><subfield code="c">Horst teichmann</subfield></datafield><datafield ind1=" " ind2=" " tag="260"><subfield code="a">London</subfield><subfield code="b">Butterworths</subfield><subfield code="c">1964</subfield></datafield><datafield ind1=" " ind2=" " tag="300"><subfield code="a">139P</subfield></datafield><datafield ind1=" " ind2=" " tag="852"><subfield code="a">75228</subfield><subfield code="c">537.311.33</subfield></datafield><datafield ind1=" " ind2=" " tag="CAT"><subfield code="a">Sys</subfield><subfield code="c">20110801</subfield><subfield code="h">134553</subfield></datafield></record></collection>